@article{ramsey2017million,
	title={A million variables and more: the Fast Greedy Equivalence Search algorithm for learning high-dimensional graphical causal models, with an application to functional magnetic resonance images},
	author={Ramsey, Joseph and Glymour, Madelyn and Sanchez-Romero, Ruben and Glymour, Clark},
	journal={International Journal of Data Science and Analytics},
	volume={3},
	number={2},
	pages={121--129},
	year={2017},
	publisher={Springer}
}

@article{chickering2002optimal,
	title={Optimal structure identification with greedy search},
	author={Chickering, David Maxwell},
	journal={Journal of Machine Learning Research},
	volume={3},
	pages={507--554},
	year={2002}
}

@article{chalupka2018fast,
	title={Fast conditional independence test for vector variables with large sample sizes},
	author={Chalupka, Krzysztof and Perona, Pietro and Eberhardt, Frederick},
	journal={arXiv preprint arXiv:1804.02747},
	year={2018}
}



@article{sachs2005causal,
  title={Causal protein-signaling networks derived from multiparameter single-cell data},
  author={Sachs, Karen and Perez, Omar and Pe'er, Dana and Lauffenburger, Douglas A. and Nolan, Garry P.},
  journal={Science},
  volume={308},
  number={5721},
  pages={523--529},
  year={2005},
  publisher={American Association for the Advancement of Science}
}